<?xml version="1.0" encoding="UTF-8"?><collection xmlns="http://www.loc.gov/MARC21/slim"><record><leader>00477nam--2200181-u-4500</leader><controlfield tag="001">000052720</controlfield><controlfield tag="002">20161230</controlfield><controlfield tag="005">20161230201050</controlfield><controlfield tag="008">101005s1000------------r-----000-0-rus-d</controlfield><datafield ind1=" " ind2=" " tag="040"><subfield code="a">IFIN-HH</subfield></datafield><datafield ind1=" " ind2=" " tag="041"><subfield code="a">rus</subfield></datafield><datafield ind1=" " ind2=" " tag="080"><subfield code="a">534.321.9:539</subfield></datafield><datafield ind1="1" ind2=" " tag="100"><subfield code="a">Nozdrev, V.F</subfield></datafield><datafield ind1="1" ind2="0" tag="245"><subfield code="a">Primenie ultraakustiki v molekuliarnoi fizike</subfield><subfield code="c">V.f. nozdrev</subfield></datafield><datafield ind1=" " ind2=" " tag="260"><subfield code="a">Moskva</subfield><subfield code="b">Fiziko-Matematiceskoi Literaturi</subfield><subfield code="c">1958</subfield></datafield><datafield ind1=" " ind2=" " tag="300"><subfield code="a">456 p</subfield></datafield><datafield ind1=" " ind2=" " tag="852"><subfield code="a">5391</subfield><subfield code="c">534</subfield></datafield><datafield ind1=" " ind2=" " tag="CAT"><subfield code="a">Sys</subfield><subfield code="c">20101005</subfield><subfield code="h">142527</subfield></datafield></record></collection>